%@inproceedings{confbib1,
  %author = {Фамилия, И. О.},
  %title = {название тезисов конференции},
  %booktitle = {Название сборника},
  %year = {2015},
  %language = {russian},
%}
%
%@CONFERENCE{confbib2,
  %author = {Фамилия, И. О.},
  %title = {название тезисов конференции},
  %booktitle = {Название сборника},
  %year = {2015},
  %language = {russian},
%}

@inproceedings{confbib1,
  title={Smart Resource Allocation with Concurrent Learning Scheme for Heterogeneous LTE Smallcell Networks},
  author={Bikov, Evgeni and Ghamri-Doudane, Yacine and Botvich, Dmitri},
  booktitle={2015 IEEE Global Communications Conference (GLOBECOM)},
  pages={1--6},
  year={2015},
  organization={IEEE}
}

@inproceedings{confbib2,
  title={Multi-agent Learning for Resource Allocationn Dense Heterogeneous 5G Network},
  author={Bikov, Evgeni and Botvich, Dmitri},
  booktitle={2015 International Conference on Engineering and Telecommunication (EnT)},
  pages={1--6},
  year={2015},
  organization={IEEE}
}
