@inproceedings{example,
  title={Multi-agent Learning for Resource Allocationn Dense Heterogeneous 5G Network},
  author={Bikov, Evgeni and Botvich, Dmitri},
  booktitle={2015 International Conference on Engineering and Telecommunication (EnT)},
  pages={1--6},
  year={2015},
  organization={IEEE}
}