% ГОСТ Р 7.0.11-2011, Приложение Б, Книги

@article{cox1971dynamic,
  title={Dynamic Channel Assignment in High-Capacity Mobile Communications Systems},
  author={Cox, sD C and Reudink, DO},
  journal={Bell System Technical Journal},
  volume={50},
  number={6},
  pages={1833--1857},
  year={1971},
  publisher={Wiley Online Library}
}

@article{engel1973statistically1,
  title={Statistically-optimum dynamic server assignment in systems with interfering servers},
  author={Engel, Joel and Peritsky, Martin},
  journal={IEEE Transactions on communications},
  volume={21},
  number={11},
  pages={1287--1293},
  year={1973},
  publisher={IEEE}
}

@article{engel1973statistically2,
  title={Statistically-optimum dynamic server assignment in systems with interfering servers},
  author={Engel, Joel and Peritsky, Martin},
  journal={IEEE Transactions on communications},
  volume={22},
  number={4},
  pages={203-209},
  year={1973},
  publisher={IEEE}
}

@misc{network2008x2,
  title={X2 application protocol (X2AP)(Release 9); 3GPP TS 36.423},
  author={Network, Evolved Universal Terrestrial Radio Access},
  year={2008},
  publisher={V8}
}

@inproceedings{halpern1983reuse,
  title={Reuse partitioning in cellular systems},
  author={Halpern, Samuel W},
  booktitle={Vehicular Technology Conference, 1983. 33rd IEEE},
  volume={33},
  pages={322--327},
  year={1983},
  organization={IEEE}
}

@inproceedings{ling1996capacity,
  title={Capacity of intelligent underlay and overlay network},
  author={Ling, YK and Elling, Jan and Toftegaard, T},
  booktitle={Advanced TDMA Techniques and Applications (Digest No: 1996/234), IEE Colloquium on},
  pages={5--1},
  year={1996},
  organization={IET}
}

@inproceedings{wille1996capacity,
  title={Capacity increase in cellular radio networks using existing base station sites},
  author={Wille, V and Irons, SM and King, AJ},
  booktitle={Propagation Aspects of Future Mobile Systems (Digest No: 1996/220), IEE Colloquium on},
  pages={4--1},
  year={1996},
  organization={IET}
}

@inproceedings{nielsen1997capacity,
  title={On the capacity of a GSM frequency hopping network with intelligent underlay-overlay},
  author={Nielsen, T Toftegaard and Wigard, Jeroen and Mogensen, Preben},
  booktitle={Vehicular Technology Conference, 1997, IEEE 47th},
  volume={3},
  pages={1867--1871},
  year={1997},
  organization={IEEE}
}

@inproceedings{wigard1997improved,
  title={Improved intelligent underlay-overlay combined with frequency hopping in GSM},
  author={Wigard, Jeroen and Nielsen, Thomas Toftegaard and Michaelsen, Per Henrik and Mogensen, P},
  booktitle={Personal, Indoor and Mobile Radio Communications, 1997. Waves of the Year 2000. PIMRC'97., The 8th IEEE International Symposium on},
  volume={2},
  pages={376--380},
  year={1997},
  organization={IEEE}
}

@inproceedings{wimax2006technical,
  title={I: A technical overview and performance evaluation},
  author={WiMAX-Part, Mobile},
  booktitle={WiMAX Forum},
  pages={9--24},
  year={2006}
}

@inproceedings{bonald2005inter,
  title={Inter-cell scheduling in wireless data networks},
  author={Bonald, Thomas and Borst, Sem and Proutiere, Alexandre},
  booktitle={Wireless Conference 2005-Next Generation Wireless and Mobile Communications and Services (European Wireless), 11th European},
  pages={1--7},
  year={2005},
  organization={VDE}
}

@article{bonald2006inter,
  title={Inter-cell coordination in wireless data networks},
  author={Bonald, Thomas and Borst, Sem and Proutiere, Alexandre},
  journal={European Transactions on Telecommunications},
  volume={17},
  number={3},
  pages={303--312},
  year={2006},
  publisher={Wiley Online Library}
}

@inproceedings{liu2006inter,
  title={Inter-cell coordination with inhomogeneous traffic distribution},
  author={Liu, Shuping and Virtamo, Jorma},
  booktitle={2006 2nd Conference on Next Generation Internet Design and Engineering, 2006. NGI'06.},
  pages={8--pp},
  year={2006},
  organization={IEEE}
}

@inproceedings{sternad2003attaining,
  title={Attaining both coverage and high spectral efficiency with adaptive OFDM downlinks},
  author={Sternad, Mikael and Ottosson, Tony and Ahlen, Anders and Svensson, Arne},
  booktitle={Vehicular Technology Conference, 2003. VTC 2003-Fall. 2003 IEEE 58th},
  volume={4},
  pages={2486--2490},
  year={2003},
  organization={IEEE}
}

@article{necker2007local,
  title={Local interference coordination in cellular 802.16 e networks},
  author={Necker, Marc C},
  journal={Proc. IEEE VTC 2007-Fall},
  year={2007}
}

@inproceedings{rahman2008interference,
  title={Interference avoidance through dynamic downlink OFDMA subchannel allocation using intercell coordination},
  author={Rahman, Mahmudur and Yanikomeroglu, Halim},
  booktitle={Vehicular Technology Conference, 2008. VTC Spring 2008. IEEE},
  pages={1630--1635},
  year={2008},
  organization={IEEE}
}

@article{li2006downlink,
  title={Downlink radio resource allocation for multi-cell OFDMA system},
  author={Li, Guoqing and Liu, Hui},
  journal={IEEE Transactions on Wireless Communications},
  volume={5},
  number={12},
  pages={3451--3459},
  year={2006},
  publisher={IEEE}
}

@article{gilhousen1991capacity,
  title={On the capacity of a cellular CDMA system},
  author={Gilhousen, Klein S and Jacobs, Irwin M and Padovani, Roberto and Viterbi, Andrew J and Weaver, Lindsay A and Wheatley, Charles E},
  journal={IEEE transactions on vehicular technology},
  volume={40},
  number={2},
  pages={303--312},
  year={1991},
  publisher={IEEE}
}

@inproceedings{castellanos2008performance,
  title={Performance of uplink fractional power control in UTRAN LTE},
  author={Castellanos, Carlos Ubeda and Villa, Dimas Lopez and Rosa, Claudio and Pedersen, Klaus I and Calabrese, Francesco Davide and Michaelsen, Per-Henrik and Michel, Jurgen},
  booktitle={Vehicular Technology Conference, 2008. VTC Spring 2008. IEEE},
  pages={2517--2521},
  year={2008},
  organization={IEEE}
}

@book{oestges2010mimo,
  title={MIMO wireless communications: From real-world propagation to space-time code design},
  author={Oestges, Claude and Clerckx, Bruno},
  year={2010},
  publisher={Academic Press}
}

@article{karakayali2006network,
  title={Network coordination for spectrally efficient communications in cellular systems},
  author={Karakayali, M Kemal and Foschini, Gerard J and Valenzuela, Reinaldo A},
  journal={IEEE Wireless Communications},
  volume={13},
  number={4},
  pages={56--61},
  year={2006},
  publisher={IEEE}
}

@article{andrews2007overcoming,
  title={Overcoming interference in spatial multiplexing MIMO cellular networks},
  author={Andrews, Jeffrey G and Choi, Wan and Heath Jr, Robert W},
  journal={IEEE Wireless Communications},
  volume={14},
  number={6},
  pages={95--104},
  year={2007},
  publisher={IEEE}
}

@article{svedman2007opportunistic,
  title={Opportunistic beamforming and scheduling for OFDMA systems},
  author={Svedman, Patrick and Wilson, Sarah Kate and Cimini, Leonard J and Ottersten, Bjrn},
  journal={IEEE Transactions on Communications},
  volume={55},
  number={5},
  pages={941--952},
  year={2007},
  publisher={IEEE}
}

@article{hu2008radio,
  title={Radio resource management for cooperative wireless communication systems with organized beam-hopping techniques},
  author={Hu, Honglin and Luo, Jijun and Chen, Hsiao-Hwa},
  journal={IEEE Wireless Communications},
  volume={15},
  number={2},
  pages={100--109},
  year={2008},
  publisher={IEEE}
}

@article{andrews2005interference,
  title={Interference cancellation for cellular systems: a contemporary overview},
  author={Andrews, Jeffrey G},
  journal={IEEE Wireless Communications},
  volume={12},
  number={2},
  pages={19--29},
  year={2005},
  publisher={IEEE}
}

@inproceedings{choi2006capacity,
  title={The capacity gain from base station cooperative scheduling in a MIMO DPC cellular system},
  author={Choi, Wan and Andrews, Jeffrey G},
  booktitle={2006 IEEE International Symposium on Information Theory},
  pages={1224--1228},
  year={2006},
  organization={IEEE}
}

@article{barbero2007performance,
  title={Performance of the complex sphere decoder in spatially correlated MIMO channels},
  author={Barbero, Luis G and Thompson, John S},
  journal={IET communications},
  volume={1},
  number={1},
  pages={122--130},
  year={2007},
  publisher={IET}
}

@article{воронцов2009машинное,
  title={Машинное обучение},
  author={Воронцов, КВ},
  journal={Курс лекций на сайте http://www. machinelearning. ru},
  year={2009}
}

@article{jindal2006mimo,
  title={MIMO broadcast channels with finite-rate feedback},
  author={Jindal, Nihar},
  journal={IEEE Transactions on Information Theory},
  volume={52},
  number={11},
  pages={5045--5060},
  year={2006},
  publisher={IEEE}
}

@article{лаптев2011применение,
  title={Применение метода индуктивного прогнозирования состояний для обнаружения компьютерных атак в информационно-телекоммуникационных системах},
  author={Лаптев, Владимир Николаевич and Сидельников, Олег Васильевич and Шарай, Вячеслав Александрович},
  journal={Политематический сетевой электронный научный журнал Кубанского государственного аграрного университета},
  number={72},
  year={2011},
  publisher={Федеральное государственное образовательное учреждение высшего профессионального образования Кубанский государственный аграрный университет}
}

@article{liaw2002classification,
  title={Classification and regression by randomForest},
  author={Liaw, Andy and Wiener, Matthew},
  journal={R news},
  volume={2},
  number={3},
  pages={18--22},
  year={2002}
}


@book{book:963927,
   title =     {Reinforcement Learning},
   author =    {Richard S. Sutton (auth.), Richard S. Sutton (eds.)},
   publisher = {Springer US},
   isbn =      {978-1-4613-6608-9,978-1-4615-3618-5},
   year =      {1992},
   series =    {The Springer International Series in Engineering and Computer Science 173},
   edition =   {1},
   volume =    {},
   url =       {http://gen.lib.rus.ec/book/index.php?md5=11E6FDA398159DA6C924F5D9D4090A88}}

@inproceedings{Magnusson:2012:SCW:2351316.2351327,
 author = {Magnusson, Jonathan and Kvernvik, Tor},
 title = {Subscriber Classification Within Telecom Networks Utilizing Big Data Technologies and Machine Learning},
 booktitle = {Proceedings of the 1st International Workshop on Big Data, Streams and Heterogeneous Source Mining: Algorithms, Systems, Programming Models and Applications},
 series = {BigMine '12},
 year = {2012},
 isbn = {978-1-4503-1547-0},
 location = {Beijing, China},
 pages = {77--84},
 numpages = {8},
 url = {http://doi.acm.org/10.1145/2351316.2351327},
 doi = {10.1145/2351316.2351327},
 acmid = {2351327},
 publisher = {ACM},
 address = {New York, NY, USA},
 keywords = {big data, machine learning, scalability, social network analysis, telecommunication},
} 

@article{nguyen2012timely,
  title={Timely and continuous machine-learning-based classification for interactive IP traffic},
  author={Nguyen, Thuy TT and Armitage, Grenville and Branch, Philip and Zander, Sebastian},
  journal={IEEE/ACM Transactions on Networking (TON)},
  volume={20},
  number={6},
  pages={1880--1894},
  year={2012},
  publisher={IEEE Press}
}

@article{DBLP:journals/corr/ChenG16,
  author    = {Tianqi Chen and
               Carlos Guestrin},
  title     = {XGBoost: {A} Scalable Tree Boosting System},
  journal   = {CoRR},
  volume    = {abs/1603.02754},
  year      = {2016},
  url       = {http://arxiv.org/abs/1603.02754},
  timestamp = {Sat, 02 Apr 2016 11:49:48 +0200},
  biburl    = {http://dblp.uni-trier.de/rec/bib/journals/corr/ChenG16},
  bibsource = {dblp computer science bibliography, http://dblp.org}
}

@book{michalski2013machine,
  title={Machine learning: An artificial intelligence approach},
  author={Michalski, Ryszard S and Carbonell, Jaime G and Mitchell, Tom M},
  year={2013},
  publisher={Springer Science \& Business Media}
}

@book{sutton1998introduction,
  title={Introduction to reinforcement learning},
  author={Sutton, Richard S and Barto, Andrew G},
  volume={135},
  year={1998},
  publisher={MIT Press Cambridge}
}



@article{shipp2002diffuse,
  title={Diffuse large B-cell lymphoma outcome prediction by gene-expression profiling and supervised machine learning},
  author={Shipp, Margaret A and Ross, Ken N and Tamayo, Pablo and Weng, Andrew P and Kutok, Jeffery L and Aguiar, Ricardo CT and Gaasenbeek, Michelle and Angelo, Michael and Reich, Michael and Pinkus, Geraldine S and others},
  journal={Nature medicine},
  volume={8},
  number={1},
  pages={68--74},
  year={2002},
  publisher={Nature Publishing Group}
}

@article{ye2003predicting,
  title={Predicting hepatitis B virus--positive metastatic hepatocellular carcinomas using gene expression profiling and supervised machine learning},
  author={Ye, Qing-Hai and Qin, Lun-Xiu and Forgues, Marshonna and He, Ping and Kim, Jin Woo and Peng, Amy C and Simon, Richard and Li, Yan and Robles, Ana I and Chen, Yidong and others},
  journal={Nature medicine},
  volume={9},
  number={4},
  pages={416--423},
  year={2003},
  publisher={Nature Publishing Group}
}


@article{бериков2008современные,
  title={Современные тенденции в кластерном анализе},
  author={Бериков, ВС and Лбов, ГС},
  journal={Всероссийский конкурсный отбор обзорно-аналитических статей по приоритетному направлению {\guillemotleft}Информационно-телекоммуникационные системы},
  year={2008}
}

@inproceedings{arisholm2007data,
  title={Data mining techniques for building fault-proneness models in telecom java software},
  author={Arisholm, Erik and Briand, Lionel C and Fuglerud, Magnus},
  booktitle={The 18th IEEE International Symposium on Software Reliability (ISSRE'07)},
  pages={215--224},
  year={2007},
  organization={IEEE}
}

@article{nelson2008exploiting,
  title={Exploiting Machine Learning to Subvert Your Spam Filter.},
  author={Nelson, Blaine and Barreno, Marco and Chi, Fuching Jack and Joseph, Anthony D and Rubinstein, Benjamin IP and Saini, Udam and Sutton, Charles A and Tygar, J Doug and Xia, Kai},
  journal={LEET},
  volume={8},
  pages={1--9},
  year={2008}
}


@article{hung2006applying,
  title={Applying data mining to telecom churn management},
  author={Hung, Shin-Yuan and Yen, David C and Wang, Hsiu-Yu},
  journal={Expert Systems with Applications},
  volume={31},
  number={3},
  pages={515--524},
  year={2006},
  publisher={Elsevier}
}

@book{conway2012machine,
  title={Machine learning for hackers},
  author={Conway, Drew and White, John},
  year={2012},
  publisher={" O'Reilly Media, Inc."}
}

@book{marsland2015machine,
  title={Machine learning: an algorithmic perspective},
  author={Marsland, Stephen},
  year={2015},
  publisher={CRC press}
}

@BOOK{Sychev,
  author = {Сычёв, М. С.},
  title = {История Астраханвского казачьего войска: учебное пособие},
  address = {Астрахань},
  publisher = {Волга},
  year = {2009},
  numpages = {231},
  language = {russian}
}

@BOOK{Sokolov,
  author = {Соколов, А. Н. and Сердобинцев, К. С.},
  editor = {Бочарова, В. М.},
  address = {Астрахань},
  publisher = {Калиниградский ЮИ МВД России},
  title = {Гражданское общество: проблемы формирования и развития (философский и юридический аспекты): монография},
  year = {2009},
  numpages = {218},
  language = {russian}
}

@BOOK{Gaidaenko,
  author = {Гайдаенко, Т. А.},
  title = {Маркетинговое управление: принципы управленческих решений и российская практика},
  edition = {3-е изд, перераб. и доп.},
  address = {М.},
  publisher = {Эксмо: МИРБИС},
  year = {2008},
  numpages = {508},
  language = {russian}
}

@BOOK{Lermontov,
  author = {Лермонтов, Михаил Юрьевич},
  title = {Собрание сочинений: в 4 т.},
  address = {М.},
  publisher = {Терра-Кн. клуб},
  year = {2009},
  note = {4 т.},
  language = {russian}
}

@BOOK{Management,
  title = {Управление бизнесом: сборник статей},
  address = {Нижний новгород},
  publisher = {Изд-во Нижегородского университета},
  year = {2009},
  numpages = {243},
  language = {russian}
}

@BOOK{Borozda,
  author = {Борозда, И. В. and Воронин, Н. И. and Бушманов А. В.},
  title = {Лечение сочетанных повреждений таза},
  address = {Владивосток},
  publisher = {Дальнаука},
  year = {2009},
  numpages = {195},
  language = {russian}
}

@BOOK{Marketing,
  author = {Михненков, О. В. and Коготкова, И. З. and Генкин, Е. В. and Сороко, Г. Я.},
  title = {Маркетинговые исследования в строительстве: учебное пособие для студентов специальности «Менеджемент организаций»},
  address = {М.},
  publisher = {Государственный университет управления},
  year = {2005},
  numpages = {59},
  language = {russian}
}

% ГОСТ Р 7.0.11-2011, Приложение Б, Нормативные правовые акты
@BOOK{Constitution,
  title = {Конституция Российской Федерации: офиц. текст.},
  address = {М.},
  publisher = {Маркетинг},
  year = {2001},
  numpages = {39},
  language = {russian}
}

@BOOK{FamilyCode,
  title = {Семейный кодекс Российской Федерации: [федер. закон: принят Гос. Думой 8 дек. 1995~г.: по состоянию на 3~янв. 2001~г.]},
  address = {СПб.},
  publisher = {Стаун-кантри},
  year = {2001},
  numpages = {94},
  language = {russian}
}

% ГОСТ Р 7.0.11-2011, Приложение Б, Стандарты
@BOOK{Gost.7.0.53,
  title = {ГОСТ Р 7.0.53-2007 Система стандартов по информации, библиотечному и издательскому делу. Издания. Международный стандартный книжный номер. Использование и издательское оформление.},
  address = {М.},
  publisher = {Стандартинформ},
  year = {2007},
  numpages = {5},
  language = {russian}
}

% ГОСТ Р 7.0.11-2011, Приложение Б, Депонированные научные работы
@BOOK{Razumovski,
  author = {Разумовский, В. А. and Андреев, Д. А.},
  title = {Управление маркетинговыми исследованиями в регионе},
  address = {М.},
  year = {2002},
  numpages = {210},
  note = {Деп. в ИНИОН Рос. акад. наук 15.02.02, № 139876},
  language = {russian}
}

% ГОСТ Р 7.0.11-2011, Приложение Б, Диссертации
@BOOK{Lagkueva,
  author = {Лагкуева, Ирина Владимировна},
  title = {Особенности регулирования труда творческих работников театров: дис. ... канд. юрид. наук: 12.00.05},
  address = {М.},
  year = {2009},
  numpages = {168},
  language = {russian}
}

@BOOK{Pokrovski,
  author = {Покровский, Андрей Владимирович},
  title = {Устранимые особенности решений эллиптических уравнений: дис. ... д-ра физ.-мат. наук: 01.01.01},
  address = {М.},
  year = {2008},
  numpages = {178},
  language = {russian}
}

% ГОСТ Р 7.0.11-2011, Приложение Б, Авторефераты диссертаций
@BOOK{Sirotko,
  author = {Сиротко, Владимир Викторович},
  title = {Медико-социальные аспекты городского травматизма в современных условиях : автореф. дис. ... канд. мед. наук : 14.00.33},
  address = {М.},
  year = {2006},
  numpages = {26},
  language = {russian}
}

@BOOK{Lukina,
  author = {Лукина, Валентина Александровна},
  title = {Творческая история «Записок охотника» И. С. Тургенева: автореф. дис. ... канд. филол. наук : 10.01.01},
  address = {СПб.},
  year = {2006},
  numpages = {26},
  language = {russian}
}

% ГОСТ Р 7.0.11-2011, Приложение Б, Отчёты о научно-исследовательской работе
@BOOK{Methodology,
  author = {Загорюев, А. Л.},
  title = {Методология и методы изучения военно-профессиональной направленности подростков: отчёт о НИР},
  address = {Екатеринбург},
  institution = {Уральский институт практической психологии},
  year = {2008},
  numpages = {102},
  language = {russian}
}

% ГОСТ Р 7.0.11-2011, Приложение Б, Электронные ресурсы
@BOOK{Encyclopedia,
  title = {Художественная энциклопедия зарубежного классического искусства [Электронный ресурс]},
  address = {М.},
  publisher = {Большая Рос. энкцикл.},
  year = {1996},
  note = {1 электрон. опт. диск (CD-ROM)},
  language = {russian}
}

@ARTICLE{Nasirova,
  author = {Насырова, Г. А.},
  title = {Модели государственного регулирования страховой деятельности [Электронный ресурс]},
  journal = {Вестник Финансовой академии},
  year = {2003},
  number = {4},
  note = {Режим доступа: http://vestnik.fa.ru/4(28)2003/4.html},
  language = {russian}
}

% ГОСТ Р 7.0.11-2011, Приложение Б, Статьи

@ARTICLE{Berestova,
  author = {Берестова, Т. Ф.},
  title = {Поисковые инструмены библиотеки},
  journal = {Библиография},
  year = {2006},
  number = {4},
  pages = {19},
  language = {russian}
}

@ARTICLE{Kriger,
  author = {Кригер, И.},
  title =  {Бумага терпит},
  journal = {Новая газета},
  year = {2009},
  note = {1 июля},
  language = {russian}
}

@Inbook{Herbst2000,
author="Herbst, Joachim",
editor="L{\'o}pez de M{\'a}ntaras, Ramon
and Plaza, Enric",
title="A Machine Learning Approach to Workflow Management",
bookTitle="Machine Learning: ECML 2000: 11th European Conference on Machine Learning Barcelona, Catalonia, Spain, May 31 -- June 2, 2000 Proceedings",
year="2000",
publisher="Springer Berlin Heidelberg",
address="Berlin, Heidelberg",
pages="183--194",
isbn="978-3-540-45164-8",
doi="10.1007/3-540-45164-1_19",
url="http://dx.doi.org/10.1007/3-540-45164-1_19"
}


% Examples from https://verbosus.com/bibtex-style-examples.html
@ARTICLE{Article,
  author   = {Peter Adams},
  title    = {The title of the work},
  journal  = {The name of the journal},
  year     = {1993},
  number   = {2},
  pages    = {201-213},
  month    = {7},
  note     = {An optional note},
  volume   = {4},
  language = {english}
}

@BOOK{Book,
  author    = {Peter Babington}, 
  title     = {The title of the work},
  publisher = {The name of the publisher},
  year      = {1993},
  volume    = {4},
  series    = {10},
  address   = {The address},
  edition   = {3},
  month     = {7},
  note      = {An optional note},
  isbn      = {3257227892},
  language  = {english}
}

@BOOKLET{Booklet,
  title        = {The title of the work},
  author       = {Peter Caxton}, 
  howpublished = {How it was published},
  address      = {The address of the publisher},
  month        = {7},
  year         = {1993},
  note         = {An optional note},
  language     = {english}
}

@CONFERENCE{Conference,
  author       = {Peter Draper}, 
  title        = {The title of the work},
  booktitle    = {The title of the book},
  year         = {1993},
  editor       = {The editor},
  volume       = {4},
  series       = {5},
  pages        = {213},
  address      = {The address of the publisher},
  month        = {7},
  organization = {The organization},
  publisher    = {The publisher},
  note         = {An optional note},
  language     = {english}
}

@INBOOK{Inbook,
  author       = {Peter Eston},
  title        = {The title of the work},
  booktitle    = {Book title},
  chapter      = {8},
  pages        = {201-213},
  publisher    = {The name of the publisher},
  year         = {1993},
  volume       = {4},
  series       = {5},
  address      = {The address of the publisher},
  edition      = {3},
  month        = {7},
  note         = {An optional note},
  language     = {english}
}

@INCOLLECTION{Incollection,
  author       = {Peter Farindon},
  title        = {The title of the work},
  booktitle    = {The title of the book},
  publisher    = {The name of the publisher},
  year         = {1993},
  editor       = {The editor},
  volume       = {4},
  series       = {5},
  chapter      = {8},
  pages        = {201-213},
  address      = {The address of the publisher},
  edition      = {3},
  month        = {7},
  note         = {An optional note},
  language     = {english}
}

@MANUAL{Manual,
  title        = {The title of the work},
  author       = {Peter Gainsford}, 
  organization = {The organization},
  address      = {The address of the publisher},
  edition      = {3},
  month        = {7},
  year         = {1993},
  note         = {An optional note},
  language     = {english}
}

@MASTERSTHESIS{Mastersthesis,
  author       = {Peter Harwood},
  title        = {The title of the work},
  school       = {The school where the thesis was written},
  year         = {1993},
  address      = {The address of the publisher},
  month        = {7},
  note         = {An optional note},
  language     = {english}
}

@MISC{Misc,
  author       = {Peter Isley},
  title        = {The title of the work},
  howpublished = {How it was published},
  month        = {7},
  year         = {1993},
  note         = {An optional note},
  language     = {english}
}

@PHDTHESIS{Phdthesis,
  author       = {Peter Joslin}, 
  title        = {The title of the work},
  school       = {The school where the thesis was written},
  year         = {1993},
  address      = {The address of the publisher},
  month        = {7},
  note         = {An optional note},
  language     = {english}
}

@PROCEEDINGS{Proceedings,
  title        = {The title of the work},
  year         = {1993},
  editor       = {Peter Kidwelly},
  volume       = {4},
  series       = {5},
  address      = {The address of the publisher},
  month        = {7},
  organization = {The organization},
  publisher    = {The name of the publisher},
  note         = {An optional note},
  language     = {english}
}

@TECHREPORT{Techreport,
  author       = {Peter Lambert},
  title        = {The title of the work},
  institution  = {The institution that published},
  year         = {1993},
  number       = {2},
  address      = {The address of the publisher},
  month        = {7},
  note         = {An optional note},
  language     = {english}
}

@UNPUBLISHED{Unpublished,
  author       = {Peter Marcheford}, 
  title        = {The title of the work},
  note         = {An optional note},
  month        = {7},
  year         = {1993},
  language     = {english}
}

%%% Реальные примеры

% Инициалы должны быть записаны после запятой, с точками, через пробел
% http://www.kit-e.ru/articles/elcomp/2006_12_124.php
% Подчёркивания в ссылке приходится экранировать
% http://www.kit-e.ru/articles/elcomp/2006\_12\_124.php
@online{medvedev2006jelektronnye,
  title={Электронные компоненты и монтажные подложки},
  author={Медведев, А. М.},
  journal={Компоненты и технологии},
  number={12},
  pages={124--134},
  year={2006},
  medium={Электронный ресурс},
  url = {http://www.kit-e.ru/articles/elcomp/2006\_12\_124.php},
  urldate = {19.01.2015},
  language = {russian}
}

% Real example
% & в названии журнала надо экранировать
% 10.1002/1521-4125(200007)23:7<581::AID-CEAT581>3.0.CO;2-P
% < > в ссылке приходится экранировать %3C и %3E, а потом ещё знаки процента в них экранировать
% 10.1002/1521-4125(200007)23:7%3C581::AID-CEAT581%3E3.0.CO;2-P
% 10.1002/1521-4125(200007)23:7\%3C581::AID-CEAT581\%3E3.0.CO;2-P
% url не нужен. если запись о бумажной публикации
@article {CEAT:CEAT581,
  author = {Deiters, U. K.},
  title = {A Modular Program System for the Calculation of Thermodynamic Properties of Fluids},
  journal = {Chemical Engineering \& Technology},
  volume = {23},
  number = {7},
  publisher = {WILEY-VCH Verlag},
  issn = {1521-4125},
  doi = {10.1002/1521-4125(200007)23:7\%3C581::AID-CEAT581\%3E3.0.CO;2-P},
  pages = {581--584},
  year = {2000},
  language = {english}
}

% Real with  4 authors
@article{doi:10.1080/01932691.2010.513279,
  author = { {\relax Y}oung-{\relax S}ang   Cho  and  {\relax Y}oung   {\relax K}uk   Kim  and  {\relax K}ook   {\relax C}hae   Chung  and  {\relax C}hul   {\relax J}in   Choi },
  title = {Deformation of Colloidal Crystals for Photonic Band Gap Tuning},
  journal = {Journal of Dispersion Science and Technology},
  volume = {32},
  number = {10},
  pages = {1408-1415},
  year = {2011},
  doi = {10.1080/01932691.2010.513279},
  language = {english}
}

% doi with (), author with umlaut or other unicode or specific symbols, 9 authors
% latex don't like Gösele1999161 in ref
% Умляуты в авторах понимаются из-за поддержки в юникодной странице pdflatex и xelatex
% Иллюстрация того, что будет. если на английской записи будут поставлена пометка, что язык русский
@article{Gosele1999161,
  title = "Wafer bonding for microsystems technologies ",
  journal = "Sensors and Actuators A: Physical ",
  volume = "74",
  number = "1–3",
  pages = "161 - 168",
  year = "1999",
  issn = "0924-4247",
  doi = "10.1016/S0924-4247(98)00310-0",
  author = "Gösele, U. and Tong, Q.-Y. and Schumacher, A. and Kräuter, G. and Reiche, M. and Plößl, A. and Kopperschmidt, P. and Lee, T.-H. and Kim, W.-J.",
  keywords = "Wafer bonding",
  keywords = "Fusion bonding",
  keywords = "Pressure sensors",
  keywords = "Interface reactions",
  keywords = "Hydrophilic bonding",
  keywords = "Hydrophobic bonding",
  language = {russian}
}

% Real example (from Google or Springer)
% unmodified styles don't know %language = {English}
% язык писать с маленьких
% иллюстрация incollection
% 10.1007/0-387-32989-7_45
% Подчёркивания в DOI приходится экранировать
% 10.1007/0-387-32989-7\_45
@incollection{Li2007StressAnalysis,
  year={2007},
  isbn={978-0-387-27974-9},
  booktitle={Micro- and Opto-Electronic Materials and Structures: Physics, Mechanics, Design, Reliability, Packaging},
  editor={Suhir, E. and Lee, Y. C. and Wong, C. P.},
  doi={10.1007/0-387-32989-7\_45},
  title={Stress Analysis for Processed Silicon Wafers and Packaged Micro-devices},
  publisher={Springer US},
  author={Li, {\relax L}i and Guo, {\relax Y}ifan and Zheng, {\relax D}awei},
  pages={B677-B709},
  language={english}
}

% Real, β sign 
% inputenc don't know β sign %aluminosilicate-β-quartz
% Знаки типа β, которые не знает таблица кодировки, с которой работает компилятор нужно заменять на latex команды
% doi должен быть без http://dx.doi.org/
@article{Shoji199895,
title = "Low-temperature anodic bonding using lithium aluminosilicate-$\beta$-quartz glass ceramic",
journal = "Sensors and Actuators A: Physical",
volume = "64",
number = "1",
pages = "95 - 100",
year = "1998",
note = "Tenth \{IEEE\} International Workshop on Micro Electro Mechanical Systems ",
issn = "0924-4247",
doi = "10.1016/S0924-4247(97)01659-2",
author = {{\relax S}huichi Shoji and {\relax H}iroto Kikuchi and {\relax H}irotaka Torigoe},
keywords = "Anodic bonding",
keywords = "Low-temperature bonding",
keywords = "Micro assembly",
keywords = "Micro package",
keywords = "Glass ceramic",
}


% from urlbst package
% Example from Jason Eisner, by mail (nothing special about the entry,
% but he seemed to be having formatting problems with unsrturl and proceedings
% entries.
% http://cs.jhu.edu/~jason/papers/#icassp07
@InProceedings{test:eisner-sample,
  author =       {Damianos Karakos and Sanjeev Khudanpur and Jason
                  Eisner and Carey~E. Priebe},
  title =        {Iterative denoising using {J}ensen-{R}enyi
                  divergences with an application to unsupervised
                  document categorization},
  booktitle =    {Proceedings of ICASSP},
  year =         2007,
  url =          {http://cs.jhu.edu/~jason/papers/\#icassp07}
}

% Попытка записать патент имеющимися средствами
@Book{iofis_patent1960,
  title                    = {Способ пайки керамики с~керамикой и~стекла с~металлом: а.\,с.~126728 СССР},
  author                   = {Иофис, Н. А.},
  year                     = {1960},
  numpages                 = {Бюл. № 5.~1},
  language                 = {russian}
}

% Попытка записать патент имеющимися средствами
@Book{AB_patent_Pomerantz_1968,
  title                    = {Anodic bonding: patent no. 3397278 US},
  author                   = {Pomerantz, D. I.},
  year                     = {1968},
  language                 = {english}
}

